    @misc{cesko,
      author = "Wikipedie",
      title = "Podnebí Česka --- Wikipedie: Otevřená encyklopedie",
      year = "2019",
      url = "https://cs.wikipedia.org/w/index.php?title=Podneb%C3%AD_%C4%8Ceska&oldid=17131075",
      note = "[Online; navštíveno 21. 04. 2019]"
    }

    @misc{tep_calc,
      author = "www.komplektacya.ru",
      title = "Výpočet tepelného výkonu",
      year = "2018",
      url = "https://www.komplektacya.ru/spravochnik/teplovoe-oborudovanie1/raschet-teplovoj-moschnosti",
      note = "[Online; navštíveno 21. 04. 2019]"
    }



    @misc{snakes,
      author = "Franck Pommereau",
      title = "The SNAKES toolkit",
      year = "2019",
      url = "https://www.ibisc.univ-evry.fr/~fpommereau/SNAKES/",
      note = "[Online; navštíveno 28. 04. 2019]"
    }

    @misc{hil,
      author = "{Wikipedia contributors}",
      title = "Hardware-in-the-loop simulation --- {Wikipedia}{,} The Free Encyclopedia",
      year = "2019",
      url = "https://en.wikipedia.org/w/index.php?title=Hardware-in-the-loop_simulation&oldid=894087685",
      note = "[Online; accessed 28-April-2019]"
    }

    @misc{mqtt,
      author = "Andrew Banks and Rahul Gupta and Raphael J Cohn and Richard J Coppen",
      title = "MQTT Version 3.1.1",
      year = "2014",
      url = "http://docs.oasis-open.org/mqtt/mqtt/v3.1.1/csprd02/mqtt-v3.1.1-csprd02.pdf",
      note = "[Online; accessed 28-April-2019]"
    }

    @misc{dining_philosophers,
      author = "{Wikipedia contributors}",
      title = "Dining philosophers problem --- {Wikipedia}{,} The Free Encyclopedia",
      year = "2019",
      url = "https://en.wikipedia.org/w/index.php?title=Dining_philosophers_problem&oldid=890834797",
      note = "[Online; accessed 28-April-2019]"
    }

    @book{PNandMoS,
      author = "James L. Peterson",
      title = "Petri Net Theory and The Modeling of systems",
      publisher = "Prentice-Hall, Inc.",
      year = "1981",
      isbn = "0-13-661983-5"
    }

    @techreport{pnstd54,
      type = "Standard",
      key = "ISO/IEC 15909",
      month = "October",
      year = "2000",
      title = "High-level Petri Nets - Concepts, Definitions and Graphical Notation",
      address = "1214 Vernier, Geneva, Switzerland",
      institution = "International Organization for Standardization"
    }

    @book{distributed_systems,
      author = "Andrew S.Tanenbaum and Maarten Van Steen",
      title = "Distributed systems: Principles and Paradigms",
      publisher = "Pearson Education, Inc.",
      year = "2007",
      isbn = "0-13-239227-5"
    }
